<record><leader>00000cas a22000007a 4500</leader><controlfield tag="001">22298557</controlfield><controlfield tag="008">900830d189419uucouwr ne      0    0eng d</controlfield><datafield ind1=" " ind2=" " tag="010"><subfield code="a">sn 90051617 </subfield></datafield><datafield ind1=" " ind2=" " tag="040"><subfield code="a">CNQ</subfield><subfield code="b">eng</subfield><subfield code="c">CNQ</subfield><subfield code="d">OCLCQ</subfield></datafield><datafield ind1=" " ind2=" " tag="042"><subfield code="a">msc</subfield></datafield><datafield ind1="0" ind2=" " tag="130"><subfield code="a">Marble City times (Marble, Colo. : 1894)</subfield></datafield><datafield ind1="1" ind2="0" tag="245"><subfield code="a">Marble City times.</subfield></datafield><datafield ind1=" " ind2=" " tag="260"><subfield code="a">Marble, Colo. :</subfield><subfield code="b">S.T. Smith</subfield></datafield><datafield ind1=" " ind2=" " tag="300"><subfield code="a">v.</subfield></datafield><datafield ind1=" " ind2=" " tag="310"><subfield code="a">Weekly</subfield></datafield><datafield ind1="1" ind2=" " tag="362"><subfield code="a">Began in 1894?</subfield></datafield><datafield ind1=" " ind2=" " tag="530"><subfield code="a">Available on microfilm from the Colorado Historical Society.</subfield></datafield><datafield ind1=" " ind2=" " tag="588"><subfield code="a">Description based on: Vol. 2, no. 1 (Apr. 29, 1910).</subfield></datafield><datafield ind1=" " ind2=" " tag="752"><subfield code="a">United States</subfield><subfield code="b">Colorado</subfield><subfield code="c">Gunnison</subfield><subfield code="d">Marble.</subfield></datafield><datafield ind1="0" ind2="0" tag="780"><subfield code="t">Marble City times and Clarence chronicle</subfield><subfield code="w">(DLC)sn 91052135</subfield></datafield></record>